@book{axler2020measure,
  title={Measure, integration \& real analysis},
  author={Axler, Sheldon},
  year={2020},
  publisher={Springer Nature}
}