@article{czado2019analyzing,
  title={Analyzing dependent data with vine copulas},
  author={Czado, Claudia},
  journal={Lecture Notes in Statistics, Springer},
  volume={222},
  year={2019},
  publisher={Springer}
}