%% This BibTeX bibliography file was created using BibDesk.
%% https://bibdesk.sourceforge.io/

%% Created for Zny at 2022-11-01 17:32:43 +0800 


%% Saved with string encoding Unicode (UTF-8) 

@book{korn2001option,
  title={Option pricing and portfolio optimization: modern methods of financial mathematics},
  author={Korn, Ralf and Korn, Elke},
  volume={31},
  year={2001},
  publisher={American Mathematical Soc.}
}
@article{lopes2018perception,
  title={Perception and performance in a flipped Financial Mathematics classroom},
  author={Lopes, Ana Paula and Soares, Filomena},
  journal={The International Journal of Management Education},
  volume={16},
  number={1},
  pages={105--113},
  year={2018},
  publisher={Elsevier}
}

@article{ori1,
	author = {东方证券},
	date-added = {2022-11-01 17:26:57 +0800},
	date-modified = {2022-11-01 17:32:43 +0800},
	journal = {东方证券研究所},
	title = {单因子检验},
	year = {2015},
	bdsk-file-1 = {YnBsaXN0MDDSAQIDBFxyZWxhdGl2ZVBhdGhZYWxpYXNEYXRhbxA3AEIAaQBiAGwAaQBvAGcAcgBhAHAAaAB5AC9OHGW5i8FSOFbgW1CQCYChfPtSFwAvADIAMAAxADUAMAA2ADIANgAtAC0ALXz7Uhf/CE4A/wkALQAtAC1TVVbgW1BnCWVIYCdowJqMAC4AcABkAGZPEQIcAAAAAAIcAAIAAAxNYWNpbnRvc2ggSEQAAAAAAAAAAAAAAAAAAADfdL7FQkQAAf////8YMjAxNTA2MjYtLS0jRkZGRkZGRkYucGRmAAAAAAAAAAAAAAAAAAAAAAAAAAAAAAAAAAAAAAAAAAAAAAAAAAAA/////9oc/ncAAAAAAAAAAAABAAQAAAogY3UAAAAAAAAAAAAAAAAABT8/PyM2AAACAIIvOlVzZXJzOm55bWF0aDpOb3RlczpMaWFuSGFpOkJpYmxpb2dyYXBoeTrkuJzmlrnor4HliLjlm6DlrZDpgInogqHns7vliJc6MjAxNTA2MjYtLS3ns7vliJfvvIjkuIDvvIktLS3ljZXlm6DlrZDmnInmlYjmgKfmo4DpqowucGRmAA4AQAAfADIAMAAxADUAMAA2ADIANgAtAC0ALXz7Uhf/CE4A/wkALQAtAC1TVVbgW1BnCWVIYCdowJqMAC4AcABkAGYADwAaAAwATQBhAGMAaQBuAHQAbwBzAGgAIABIAEQAEgCAVXNlcnMvbnltYXRoL05vdGVzL0xpYW5IYWkvQmlibGlvZ3JhcGh5L+S4nOaWueivgeWIuOWboOWtkOmAieiCoeezu+WIly8yMDE1MDYyNi0tLeezu+WIl++8iOS4gO+8iS0tLeWNleWboOWtkOacieaViOaAp+ajgOmqjC5wZGYAEwABLwAAFQACAA3//wAAAAgADQAaACQAlQAAAAAAAAIBAAAAAAAAAAUAAAAAAAAAAAAAAAAAAAK1}}
